<?xml version="1.0" encoding="UTF-8"?><collection xmlns="http://www.loc.gov/MARC21/slim"><record><leader>00502nam--2200193-i-4500</leader><controlfield tag="001">000050255</controlfield><controlfield tag="002">20161230</controlfield><controlfield tag="005">20161230201048</controlfield><controlfield tag="008">060222s1000------------r-----000-0-rus-d</controlfield><datafield ind1=" " ind2=" " tag="040"><subfield code="a">IFIN-HH</subfield></datafield><datafield ind1=" " ind2=" " tag="041"><subfield code="a">rus</subfield></datafield><datafield ind1=" " ind2=" " tag="080"><subfield code="a">535.241.3</subfield></datafield><datafield ind1="1" ind2=" " tag="100"><subfield code="a">Balakshii, V.I</subfield></datafield><datafield ind1=" " ind2=" " tag="245"><subfield code="a">Fizicheskie osnovi akustooptiki</subfield><subfield code="c">V.i. balakshii, v.n. parigin, l.e. chirkov</subfield></datafield><datafield ind1=" " ind2=" " tag="260"><subfield code="a">Moskva, Radio I Sviaz, 1985</subfield></datafield><datafield ind1=" " ind2=" " tag="300"><subfield code="a">280 S</subfield></datafield><datafield ind1="1" ind2=" " tag="700"><subfield code="a">Chirkov, L.E</subfield></datafield><datafield ind1=" " ind2=" " tag="852"><subfield code="a">72929</subfield><subfield code="c">534</subfield></datafield><datafield ind1=" " ind2=" " tag="CAT"><subfield code="a">Sys</subfield><subfield code="c">20101012</subfield><subfield code="h">144909</subfield></datafield></record></collection>